zncoding: UTF-8

% ================================================= BAB 2 =======================================================
% BAB 1


@article{kusuma2020penerapan,
  title={Penerapan Metode Contrast Stretching, Histogram Equalization Dan Adaptive Histogram Equalization Untuk Meningkatkan Kualitas Citra Medis Mri},
  author={Kusuma, I Wayan Angga Wijaya and Kusumadewi, Afriliana},
  journal={Simetris: Jurnal Teknik Mesin, Elektro dan Ilmu Komputer},
  volume={11},
  number={1},
  pages={1--10},
  year={2020}
}

@article{mauli2018tanggung,
  title={Tanggung jawab hukum dokter terhadap kesalahan diagnosis penyakit kepada pasien},
  author={Mauli, Dian},
  journal={Cepalo},
  volume={2},
  number={1},
  pages={33--42},
  year={2018}
}

@article{nguyen2022vgg,
  title={A VGG-19 Model with Transfer Learning and Image Segmentation for Classification of Tomato Leaf Disease},
  author={Nguyen, Thanh-Hai and Nguyen, Thanh-Nghia and Ngo, Ba-Viet},
  journal={AgriEngineering},
  volume={4},
  number={4},
  pages={871--887},
  year={2022},
  publisher={MDPI}
}
# punya simonyan2014very
@article{simonyan2014very,
  title={Very deep convolutional networks for large-scale image recognition},
  author={Simonyan, Karen and Zisserman, Andrew},
  journal={arXiv preprint arXiv:1409.1556},
  year={2014}
}

@article{tschandl2020human,
  title={Human--computer collaboration for skin cancer recognition},
  author={Tschandl, Philipp and Rinner, Christoph and Apalla, Zoe and Argenziano, Giuseppe and Codella, Noel and Halpern, Allan and Janda, Monika and Lallas, Aimilios and Longo, Caterina and Malvehy, Josep and others},
  journal={Nature Medicine},
  volume={26},
  number={8},
  pages={1229--1234},
  year={2020},
  publisher={Nature Publishing Group US New York}
}

% BAB 2

@article{parai2022predictive,
  title={Predictive Cancer Detection and Treatment Using Machine Learning and Artificial Intelligence},
  author={Parai, Atharva and Deshpande, Swapneel and Iyer, Arjun and Kumbhare, Adwait and Bendale, Shailesh},
  year={2022}
}

@book{Goodfellow-et-al-2016,
    title={Deep Learning},
    author={Ian Goodfellow and Yoshua Bengio and Aaron Courville},
    publisher={MIT Press},
    note={\url{http://www.deeplearningbook.org}},
    year={2016}
}

@article{bergstra2012random,
  title={Random search for hyper-parameter optimization.},
  author={Bergstra, James and Bengio, Yoshua},
  journal={Journal of machine learning research},
  volume={13},
  number={2},
  year={2012}
}

@article{wardani2023klasifikasi,
  title={Klasifikasi Penyakit pada Daun Anggur menggunakan Metode Convolutional Neural Network},
  author={Wardani, Ken Ratri and Leonardi, Laurentius},
  journal={Jurnal Tekno Insentif},
  volume={17},
  number={2},
  pages={112--126},
  year={2023}
}

@inproceedings{li2022blip,
  title={Blip: Bootstrapping language-image pre-training for unified vision-language understanding and generation},
  author={Li, Junnan and Li, Dongxu and Xiong, Caiming and Hoi, Steven},
  booktitle={International Conference on Machine Learning},
  pages={12888--12900},
  year={2022},
  organization={PMLR}
}

@article{puttagunta2021medical,
  title={Medical image analysis based on deep learning approach},
  author={Puttagunta, Muralikrishna and Ravi, S},
  journal={Multimedia tools and applications},
  volume={80},
  pages={24365--24398},
  year={2021},
  publisher={Springer}
}

@incollection{KULKARNI202083,
title = {5 - Foundations of data imbalance and solutions for a data democracy},
editor = {Feras A. Batarseh and Ruixin Yang},
booktitle = {Data Democracy},
publisher = {Academic Press},
pages = {83-106},
year = {2020},
isbn = {978-0-12-818366-3},
doi = {https://doi.org/10.1016/B978-0-12-818366-3.00005-8},
url = {https://www.sciencedirect.com/science/article/pii/B9780128183663000058},
author = {Ajay Kulkarni and Deri Chong and Feras A. Batarseh},
keywords = {Complexity of the concept, Degree of class imbalance, Imbalanced data, Statistical assessment metrics, Undersampling and oversampling},
abstract = {Dealing with imbalanced data is a prevalent problem while performing classification on the datasets. Many times, this problem contributes to bias while making decisions or implementing policies. Thus, it is vital to understand the factors which cause imbalance in the data (or class imbalance). Such hidden biases and imbalances can lead to data tyranny and a major challenge to a data democracy. In this chapter, two essential statistical elements are resolved: the degree of class imbalance and the complexity of the concept; solving such issues helps in building the foundations of a data democracy. Furthermore, statistical measures which are appropriate in these scenarios are discussed and implemented on a real-life dataset (car insurance claims). In the end, popular data-level methods such as random oversampling, random undersampling, synthetic minority oversampling technique, Tomek link, and others are implemented in Python, and their performance is compared.}
}

@article{vardhan2023detection,
  title={Detection of healthy and diseased crops in drone captured images using Deep Learning},
  author={Vardhan, Jai and Swetha, Kothapalli Sai},
  journal={arXiv preprint arXiv:2305.13490},
  year={2023}
}

@article{LUO2023107413,
title = {Artificial intelligence-assisted dermatology diagnosis: From unimodal to multimodal},
journal = {Computers in Biology and Medicine},
volume = {165},
pages = {107413},
year = {2023},
issn = {0010-4825},
doi = {https://doi.org/10.1016/j.compbiomed.2023.107413},
url = {https://www.sciencedirect.com/science/article/pii/S0010482523008788},
author = {Nan Luo and Xiaojing Zhong and Luxin Su and Zilin Cheng and Wenyi Ma and Pingsheng Hao},
keywords = {Dermatology, AI-assisted diagnosis, Machine learning, Multimodal, Pre-training, Federated learning},
abstract = {Artificial Intelligence (AI) is progressively permeating medicine, notably in the realm of assisted diagnosis. However, the traditional unimodal AI models, reliant on large volumes of accurately labeled data and single data type usage, prove insufficient to assist dermatological diagnosis. Augmenting these models with text data from patient narratives, laboratory reports, and image data from skin lesions, dermoscopy, and pathologies could significantly enhance their diagnostic capacity. Large-scale pre-training multimodal models offer a promising solution, exploiting the burgeoning reservoir of clinical data and amalgamating various data types. This paper delves into unimodal modelsâ€™ methodologies, applications, and shortcomings while exploring how multimodal models can enhance accuracy and reliability. Furthermore, integrating cutting-edge technologies like federated learning and multi-party privacy computing with AI can substantially mitigate patient privacy concerns in dermatological datasets and further fosters a move towards high-precision self-diagnosis. Diagnostic systems underpinned by large-scale pre-training multimodal models can facilitate dermatology physicians in formulating effective diagnostic and treatment strategies and herald a transformative era in healthcare.}
}

@book{cohnheim1889lectures,
  title={Lectures on general pathology},
  author={Cohnheim, Julius},
  volume={1},
  year={1889},
  publisher={New Sydenham Society}
}

@article{wang2012machine,
  title={Machine learning and radiology},
  author={Wang, Shijun and Summers, Ronald M},
  journal={Medical image analysis},
  volume={16},
  number={5},
  pages={933--951},
  year={2012},
  publisher={Elsevier}
}

@article{ardiansyah2013pengenalan,
  title={Pengenalan Pola Tanda Tangan Dengan Menggunakan Metode Principal Component Analysis (PCA)},
  author={Ardiansyah, Riza Firdaus},
  journal={Fakultas Ilmu Komputer Universitas Dian Nuswantoro},
  volume={2},
  pages={14},
  year={2013}
}

@article{kingma2014adam,
  title={Adam: A method for stochastic optimization},
  author={Kingma, Diederik P and Ba, Jimmy},
  journal={arXiv preprint arXiv:1412.6980},
  year={2014}
}

@inproceedings{kim2021vilt,
  title={Vilt: Vision-and-language transformer without convolution or region supervision},
  author={Kim, Wonjae and Son, Bokyung and Kim, Ildoo},
  booktitle={International Conference on Machine Learning},
  pages={5583--5594},
  year={2021},
  organization={PMLR}
}

@article{hossin2015review,
  title={A review on evaluation metrics for data classification evaluations},
  author={Hossin, Mohammad and Sulaiman, Md Nasir},
  journal={International journal of data mining \& knowledge management process},
  volume={5},
  number={2},
  pages={1},
  year={2015},
  publisher={Academy \& Industry Research Collaboration Center (AIRCC)}
}



@article{bazi2023vision,
  title={Vision--language model for visual question answering in medical imagery},
  author={Bazi, Yakoub and Rahhal, Mohamad Mahmoud Al and Bashmal, Laila and Zuair, Mansour},
  journal={Bioengineering},
  volume={10},
  number={3},
  pages={380},
  year={2023},
  publisher={MDPI}
}


@book{kelleher2019deep,
  title={Deep learning},
  author={Kelleher, John D},
  year={2019},
  publisher={MIT press}
}


@article{jadhav2019comparison,
  title={Comparison of performance of data imputation methods for numeric dataset},
  author={Jadhav, Anil and Pramod, Dhanya and Ramanathan, Krishnan},
  journal={Applied Artificial Intelligence},
  volume={33},
  number={10},
  pages={913--933},
  year={2019},
  publisher={Taylor \& Francis}
}

% VIsual Question Answering

@InProceedings{Manjunatha_2019_CVPR,
author = {Manjunatha, Varun and Saini, Nirat and Davis, Larry S.},
title = {Explicit Bias Discovery in Visual Question Answering Models},
booktitle = {Proceedings of the IEEE/CVF Conference on Computer Vision and Pattern Recognition (CVPR)},
month = {June},
year = {2019}
}

% Citra Medis

@article{kusuma2018penerapan,
  title={Penerapan Citra Terkompresi Pada Segmentasi Citra Menggunakan Algoritma K-Means},
  author={Kusuma, Angga Wijaya and Ellyana, Rossy Lydia},
  journal={Jurnal Terapan Teknologi Informasi},
  volume={2},
  number={1},
  pages={65--74},
  year={2018}
}

@book{andono2018pengolahan,
  title={Pengolahan citra digital},
  author={Andono, Pulung Nurtantio and Sutojo, Totok and others},
  year={2018},
  publisher={Penerbit Andi}
}


% Deep Learning


@article{ilahiyah2018implementasi,
  title={Implementasi Deep Learning Pada Identifikasi Jenis Tumbuhan Berdasarkan Citra Daun Menggunakan Convolutional Neural Network},
  author={Ilahiyah, Sarirotul and Nilogiri, Agung},
  journal={JUSTINDO (Jurnal Sistem Dan Teknologi Informasi Indonesia)},
  volume={3},
  number={2},
  pages={49--56},
  year={2018}
}

@article{alom2019state,
  title={A state-of-the-art survey on deep learning theory and architectures},
  author={Alom, Md Zahangir and Taha, Tarek M and Yakopcic, Chris and Westberg, Stefan and Sidike, Paheding and Nasrin, Mst Shamima and Hasan, Mahmudul and Van Essen, Brian C and Awwal, Abdul AS and Asari, Vijayan K},
  journal={electronics},
  volume={8},
  number={3},
  pages={292},
  year={2019},
  publisher={Multidisciplinary Digital Publishing Institute}
}

% Convolutional Neural Network

@article{henningsen2022modelling,
  title={Modelling concrete and abstract concepts using brain-constrained deep neural networks},
  author={Henningsen-Schomers, Malte R and Pulverm{\"u}ller, Friedemann},
  journal={Psychological research},
  volume={86},
  number={8},
  pages={2533--2559},
  year={2022},
  publisher={Springer}
}

@article{sarvamangala2022convolutional,
  title={Convolutional neural networks in medical image understanding: a survey},
  author={Sarvamangala, DR and Kulkarni, Raghavendra V},
  journal={Evolutionary intelligence},
  volume={15},
  number={1},
  pages={1--22},
  year={2022},
  publisher={Springer}
}

@article{kristiyanti2023machine,
  title={Machine Learning Untuk Pemula},
  author={Kristiyanti, Dinar Ajeng and Saputra, Irwansyah},
  year={2023},
  publisher={Informatika}
}

@article{lindemann2021survey,
  title={A survey on anomaly detection for technical systems using LSTM networks},
  author={Lindemann, Benjamin and Maschler, Benjamin and Sahlab, Nada and Weyrich, Michael},
  journal={Computers in Industry},
  volume={131},
  pages={103498},
  year={2021},
  publisher={Elsevier}
}


% BLEU

@inproceedings{li2021ffa,
  title={Ffa-ir: Towards an explainable and reliable medical report generation benchmark},
  author={Li, Mingjie and Cai, Wenjia and Liu, Rui and Weng, Yuetian and Zhao, Xiaoyun and Wang, Cong and Chen, Xin and Liu, Zhong and Pan, Caineng and Li, Mengke and others},
  booktitle={Thirty-fifth Conference on Neural Information Processing Systems Datasets and Benchmarks Track (Round 2)},
  year={2021}
}

@article{hendrycks2016gaussian,
  title={Gaussian error linear units (gelus)},
  author={Hendrycks, Dan and Gimpel, Kevin},
  journal={arXiv preprint arXiv:1606.08415},
  year={2016}
}

@article{mukhlif2023incorporating,
  title={Incorporating a Novel Dual Transfer Learning Approach for Medical Images},
  author={Mukhlif, Abdulrahman Abbas and Al-Khateeb, Belal and Mohammed, Mazin Abed},
  journal={Sensors},
  volume={23},
  number={2},
  pages={570},
  year={2023},
  publisher={MDPI}
}

@article{sorace2012integrating,
  title={Integrating pathology and radiology disciplines: an emerging opportunity?},
  author={Sorace, James and Aberle, Denise R and Elimam, Dena and Lawvere, Silvana and Tawfik, Ossama and Wallace, W Dean},
  journal={BMC medicine},
  volume={10},
  number={1},
  pages={1--6},
  year={2012},
  publisher={BioMed Central}
}

@book{jahne1999handbook,
  title={Handbook of computer vision and applications},
  author={J{\"a}hne, Bernd and Haussecker, Horst and Geissler, Peter},
  volume={2},
  year={1999},
  publisher={Citeseer}
}

@article{agarwal2019overview,
  title={An overview of natural language processing},
  author={Agarwal, Mansi and Saxena, Abhishek},
  journal={International Journal for Research in Applied Science and Engineering Technology (IJRASET)},
  volume={7},
  number={5},
  pages={2811--2813},
  year={2019}
}

@misc{teller2000speech,
  title={Speech and language processing: an introduction to natural language processing, computational linguistics, and speech recognition},
  author={Teller, Virginia},
  year={2000},
  publisher={MIT Press One Rogers Street, Cambridge, MA 02142-1209, USA journals-info~â€¦}
}


@article{vaswani2017attention,
  title={Attention is all you need},
  author={Vaswani, Ashish and Shazeer, Noam and Parmar, Niki and Uszkoreit, Jakob and Jones, Llion and Gomez, Aidan N and Kaiser, {\L}ukasz and Polosukhin, Illia},
  journal={Advances in neural information processing systems},
  volume={30},
  year={2017}
}

@article{dosovitskiy2010image,
  title={An image is worth 16x16 words: Transformers for image recognition at scale. arXiv 2020},
  author={Dosovitskiy, Alexey and Beyer, Lucas and Kolesnikov, Alexander and Weissenborn, Dirk and Zhai, Xiaohua and Unterthiner, Thomas and Dehghani, Mostafa and Minderer, Matthias and Heigold, Georg and Gelly, Sylvain and others},
  journal={arXiv preprint arXiv:2010.11929},
  year={2010}
}

@article{yu2020hyper,
  title={Hyper-parameter optimization: A review of algorithms and applications},
  author={Yu, Tong and Zhu, Hong},
  journal={arXiv preprint arXiv:2003.05689},
  year={2020}
}

@article{fernando2019studi,
  title={Studi Literatur: Robotic Process Automation},
  author={Fernando, Donny and Harsiti, Harsiti},
  journal={JSiI (Jurnal Sistem Informasi)},
  volume={6},
  number={1},
  pages={6--11},
  year={2019}
}

@article{basu2020artificial,
  title={Artificial intelligence: How is it changing medical sciences and its future?},
  author={Basu, Kanadpriya and Sinha, Ritwik and Ong, Aihui and Basu, Treena},
  journal={Indian journal of dermatology},
  volume={65},
  number={5},
  pages={365},
  year={2020},
  publisher={Wolters Kluwer--Medknow Publications}
}

@inproceedings{lavie2010evaluating,
  title={Evaluating the output of machine translation systems},
  author={Lavie, Alon},
  booktitle={Proceedings of the 9th Conference of the Association for Machine Translation in the Americas: Tutorials},
  year={2010}
}

@inproceedings{pennington2014glove,
  title={Glove: Global vectors for word representation},
  author={Pennington, Jeffrey and Socher, Richard and Manning, Christopher D},
  booktitle={Proceedings of the 2014 conference on empirical methods in natural language processing (EMNLP)},
  pages={1532--1543},
  year={2014}
}

@article{teney2017visual,
  title={Visual question answering: A tutorial},
  author={Teney, Damien and Wu, Qi and van den Hengel, Anton},
  journal={IEEE Signal Processing Magazine},
  volume={34},
  number={6},
  pages={63--75},
  year={2017},
  publisher={IEEE}
}

% Medical Visual Question Answering Dataset

@article{lin2023medical,
  title={Medical visual question answering: A survey},
  author={Lin, Zhihong and Zhang, Donghao and Tao, Qingyi and Shi, Danli and Haffari, Gholamreza and Wu, Qi and He, Mingguang and Ge, Zongyuan},
  journal={Artificial Intelligence in Medicine},
  pages={102611},
  year={2023},
  publisher={Elsevier}
}

% PathVQA Dataset
@article{xuehai2020pathvqa,
  title={PathVQA: 30000+ questions for medical visual question answering},
  author={Xuehai, He and Yichen, Zhang and Luntian, Mou and Eric, Xing and Pengtao, Xie},
  journal={arXiv preprint arXiv:2003.10286},
  year={2020}
}

@inproceedings{papineni2002bleu,
  title={Bleu: a method for automatic evaluation of machine translation},
  author={Papineni, Kishore and Roukos, Salim and Ward, Todd and Zhu, Wei-Jing},
  booktitle={Proceedings of the 40th annual meeting of the Association for Computational Linguistics},
  pages={311--318},
  year={2002}
}

% VQA-RAD Dataset
@article{lau2018dataset,
  title={A dataset of clinically generated visual questions and answers about radiology images},
  author={Lau, Jason J and Gayen, Soumya and Ben Abacha, Asma and Demner-Fushman, Dina},
  journal={Scientific data},
  volume={5},
  number={1},
  pages={1--10},
  year={2018},
  publisher={Nature Publishing Group}
}

%Slake Dataset
@inproceedings{liu2021slake,
  title={Slake: A semantically-labeled knowledge-enhanced dataset for medical visual question answering},
  author={Liu, Bo and Zhan, Li-Ming and Xu, Li and Ma, Lin and Yang, Yan and Wu, Xiao-Ming},
  booktitle={2021 IEEE 18th International Symposium on Biomedical Imaging (ISBI)},
  pages={1650--1654},
  year={2021},
  organization={IEEE}
}


@inproceedings{cirecsan2012transfer,
  title={Transfer learning for Latin and Chinese characters with deep neural networks},
  author={Cire{\c{s}}an, Dan C and Meier, Ueli and Schmidhuber, J{\"u}rgen},
  booktitle={The 2012 international joint conference on neural networks (IJCNN)},
  pages={1--6},
  year={2012},
  organization={IEEE}
}

@article{pan2009survey,
  title={A survey on transfer learning},
  author={Pan, Sinno Jialin and Yang, Qiang},
  journal={IEEE Transactions on knowledge and data engineering},
  volume={22},
  number={10},
  pages={1345--1359},
  year={2009},
  publisher={IEEE}
}

// Penelitian Terkait

@inproceedings{aioz_mevf_miccai19,
  author={Nguyen, Binh D. and Do, Thanh-Toan and Nguyen, Binh X. and Do, Tuong and Tjiputra, Erman and Tran, Quang D.},
  title={Overcoming Data Limitations in Medical Visual Question Answering},
  booktitle = {Proceedings of the International Conference on Medical Image Computing and Computer-Assisted Intervention (MICCAI)},
  year={2019}
}


@inproceedings{aioz_mmq_miccai21,
  author={Tuong Do and Binh X. Nguyen and Erman Tjiputra and Minh Tran and Quang D. Tran and Anh Nguyen},
  title={Multiple Meta-model Quantifying for Medical Visual Question Answering},
  booktitle = {MICCAI},
  year={2021}
}

@book{gurney1997introduction,
  title = {An Introduction to Neural Networks},
  author = {Gurney, Kevin},
  year = {1997},
  publisher = {Taylor \& Francis, Inc.},
  address = {USA}
}

@article{nwankpa2018activation,
  title = {Activation functions: Comparison of trends in practice and research for deep learning},
  author = {Nwankpa, Chukwudi and Ijomah, Winifred and Gachagan, Anthony and Marshall, Stephen},
  year = {2018},
  journal = {arXiv preprint arXiv:1811.03378}
}

@article{alzubaidi2021review,
  title={Review of deep learning: Concepts, CNN architectures, challenges, applications, future directions},
  author={Alzubaidi, L. and Zhang, J. and Humaidi, A. J. and Al-Dujaili, A. and Duan, Y. and Al-Shamma, O. and Farhan, L.},
  journal={Journal of Big Data},
  volume={8},
  pages={1-74},
  year={2021}
}

@article{ilahiyah2018implementasi,
  title={Implementasi Deep Learning pada Identifikasi Jenis Tumbuhan Berdasarkan Citra Daun Menggunakan Convolutional Neural Network},
  author={Ilahiyah, Sarirotul and Nilogiri, Agung},
  journal={JUSTINDO (Jurnal Sistem dan Teknologi Informasi Indonesia)},
  volume={3},
  number={2},
  pages={49--56},
  year={2018}
}



@inproceedings{srivastava2021visual,
  title={Visual question answering using deep learning: A survey and performance analysis},
  author={Srivastava, Yash and Murali, Vaishnav and Dubey, Shiv Ram and Mukherjee, Snehasis},
  booktitle={Computer Vision and Image Processing: 5th International Conference, CVIP 2020, Prayagraj, India, December 4-6, 2020, Revised Selected Papers, Part II 5},
  pages={75--86},
  year={2021},
  organization={Springer}
}


@article{hildebrandt2020scene,
  title={Scene graph reasoning for visual question answering},
  author={Hildebrandt, Marcel and Li, Hang and Koner, Rajat and Tresp, Volker and G{\"u}nnemann, Stephan},
  journal={arXiv preprint arXiv:2007.01072},
  year={2020}
}

@inproceedings{antol2015vqa,
  title={Vqa: Visual question answering},
  author={Antol, Stanislaw and Agrawal, Aishwarya and Lu, Jiasen and Mitchell, Margaret and Batra, Dhruv and Zitnick, C Lawrence and Parikh, Devi},
  booktitle={Proceedings of the IEEE international conference on computer vision},
  pages={2425--2433},
  year={2015}
}

@inproceedings{teney2018tips,
  title={Tips and tricks for visual question answering: Learnings from the 2017 challenge},
  author={Teney, Damien and Anderson, Peter and He, Xiaodong and Van Den Hengel, Anton},
  booktitle={Proceedings of the IEEE conference on computer vision and pattern recognition},
  pages={4223--4232},
  year={2018}
}

@article{zhang2016neural,
  title={Neural networks: further insights into error function, generalized weights and others},
  author={Zhang, Zhongheng},
  journal={Annals of translational medicine},
  volume={4},
  number={16},
  year={2016},
  publisher={AME Publications}
}

@article{li2017learning,
  title={Learning to optimize neural nets},
  author={Li, Ke and Malik, Jitendra},
  journal={arXiv preprint arXiv:1703.00441},
  year={2017}
}

@article{monedero2021cyber,
  title={Cyber-physical system for environmental monitoring based on deep learning},
  author={Monedero, {\'I}{\~n}igo and Barbancho, Julio and M{\'a}rquez, Rafael and Beltr{\'a}n, Juan F},
  journal={Sensors},
  volume={21},
  number={11},
  pages={3655},
  year={2021},
  publisher={MDPI}
}

@article{khan2020survey,
  title={A survey of the recent architectures of deep convolutional neural networks},
  author={Khan, Asifullah and Sohail, Anabia and Zahoora, Umme and Qureshi, Aqsa Saeed},
  journal={Artificial intelligence review},
  volume={53},
  pages={5455--5516},
  year={2020},
  publisher={Springer}
}

@article{ho2019real,
  title={The real-world-weight cross-entropy loss function: Modeling the costs of mislabeling},
  author={Ho, Yaoshiang and Wookey, Samuel},
  journal={IEEE access},
  volume={8},
  pages={4806--4813},
  year={2019},
  publisher={IEEE}
}

@article{brownlee2017gentle,
  author = {Brownlee, Jason},
  title = {A Gentle Introduction to Long Short-Term Memory Networks for the Experts},
  journal = {Machine Learning Mastery},
  year = {2017},
  month = {May},
  url = {https://machinelearningmastery.com/gentle-introduction-long-short-term-memory-networks-experts/}
}

@article{huang2021fault,
  title={Fault diagnosis of high-speed train bogie based on LSTM neural network},
  author={Huang, Deqing and Fu, Yuanzhe and Qin, Na and Gao, Shibin},
  journal={Sci. Chin. Inf. Sci},
  volume={64},
  pages={1--3},
  year={2021}
}

@Comment{jabref-meta: databaseType:bibtex;}



% ================================================= BAB 3 =======================================================